

@misc{crossval,
  title={Cross-validation: evaluating estimator performance}, 
  author={sklearn},
  year={2017},
  url={http://scikit-learn.org/stable/modules/cross_validation.html}
}



@misc{f1score,
  title={sklearn documentation on f1-score}, 
  author={sklearn},
  year={2017},
  url={http://scikit-learn.org/stable/modules/generated/sklearn.metrics.f1_score.html}
}



@misc{text,
  title={Working with text data tutorial}, 
  author={sklearn},
  year={2017},
  url={http://scikit-learn.org/stable/tutorial/text_analytics/working_with_text_data.html}
}